<record xmlns="http://www.loc.gov/MARC21/slim" xmlns:xsi="http://www.w3.org/2001/XMLSchema-instance" xsi:schemaLocation="http://www.loc.gov/MARC21/slim http://www.loc.gov/standards/marcxml/schema/MARC21slim.xsd"><leader>02071nam a2200277   4500</leader><controlfield tag="001">3068301</controlfield><controlfield tag="003">NNC</controlfield><controlfield tag="006">m        d        </controlfield><controlfield tag="007">cr cn |||m|||a</controlfield><controlfield tag="008">150223s1910    ua      o     000 0 ara d</controlfield><datafield ind1=" " ind2=" " tag="040"><subfield code="a">NNU</subfield><subfield code="b">eng</subfield><subfield code="c">NNU</subfield></datafield><datafield ind1="1" ind2=" " tag="100"><subfield code="6">880-01</subfield><subfield code="a">Qadri&#772;, Muh&#803;ammad,</subfield><subfield code="d">-1889.</subfield></datafield><datafield ind1="1" ind2="0" tag="245"><subfield code="6">880-02</subfield><subfield code="a">Kita&#772;b murshid al-h&#803;ayra&#772;n ila&#769; ma&#699;rifat ah&#803;wa&#772;l al-insa&#772;n, fi&#772; al-mu&#699;a&#772;mala&#772;t al-shar&#699;i&#772;yah &#699;ala&#769; madhhab al-ima&#772;m Abi&#772; H&#803;ani&#772;fah al-Nu&#699;ma&#772;n, mula&#772;&#700;iman li-&#699;urf al-diya&#772;r al-Mis&#803;ri&#772;yah wa-sa&#772;&#700;ir al-&#700;umam al-Isla&#772;mi&#772;yah</subfield><subfield code="h">[electronic resource] /</subfield><subfield code="c">li-mu&#700;allifihi Muh&#803;ammad Qadri&#772; Ba&#772;sha&#772;.</subfield></datafield><datafield ind1=" " ind2=" " tag="260"><subfield code="6">880-03</subfield><subfield code="a">Mis&#803;r,</subfield><subfield code="b">al-Maktabah al-Mis&#803;ri&#772;yah al-&#699;Ashma&#772;wi&#772;,</subfield><subfield code="c">1338 h. [1910 m.]</subfield></datafield><datafield ind1=" " ind2=" " tag="300"><subfield code="a">online resource (210 p.)</subfield></datafield><datafield ind1=" " ind2=" " tag="500"><subfield code="a">Part of the Arabic Collections Online (ACO) project, contributed by Columbia University Libraries.</subfield></datafield><datafield ind1=" " ind2=" " tag="533"><subfield code="a">Electronic reproduction.</subfield><subfield code="b">New York, N.Y. :</subfield><subfield code="c">New York University,</subfield><subfield code="d">2015.</subfield><subfield code="5">NNU</subfield></datafield><datafield ind1="2" ind2=" " tag="710"><subfield code="a">Columbia University.</subfield><subfield code="b">Libraries.</subfield></datafield><datafield ind1="0" ind2=" " tag="730"><subfield code="a">Arabic Collections Online.</subfield></datafield><datafield ind1="0" ind2="8" tag="776"><subfield code="i">Print version:</subfield><subfield code="a">Qadri&#772;, Muh&#803;ammad, -1889.</subfield><subfield code="t">Kita&#772;b murshid al-h&#803;ayra&#772;n ila&#769; ma&#699;rifat ah&#803;wa&#772;l al-insa&#772;n, fi&#772; al-mu&#699;a&#772;mala&#772;t al-shar&#699;i&#772;yah &#699;ala&#769; madhhab al-ima&#772;m Abi&#772; H&#803;ani&#772;fah al-Nu&#699;ma&#772;n, mula&#772;&#700;iman li-&#699;urf al-diya&#772;r al-Mis&#803;ri&#772;yah wa-sa&#772;&#700;ir al-&#700;umam al-Isla&#772;mi&#772;yah</subfield><subfield code="w">(NNC)3068301</subfield><subfield code="w">(OCoLC)47807195</subfield></datafield><datafield ind1="4" ind2="0" tag="856"><subfield code="u">http://hdl.handle.net/2333.1/vdncjvtw</subfield></datafield><datafield ind1="1" ind2=" " tag="880"><subfield code="6">100-01/r</subfield><subfield code="a">&#1602;&#1583;&#1585;&#1610;&#1548; &#1605;&#1581;&#1605;&#1583;&#1548;</subfield><subfield code="d">-1889.</subfield></datafield><datafield ind1="1" ind2="0" tag="880"><subfield code="6">245-02/r</subfield><subfield code="a">&#1603;&#1578;&#1575;&#1576; &#1605;&#1585;&#1588;&#1583; &#1575;&#1604;&#1581;&#1610;&#1585;&#1575;&#1606; &#1575;&#1604;&#1609; &#1605;&#1593;&#1585;&#1601;&#1577; &#1575;&#1581;&#1608;&#1575;&#1604; &#1575;&#1604;&#1575;&#1606;&#1587;&#1575;&#1606;&#1548; &#1601;&#1610; &#1575;&#1604;&#1605;&#1593;&#1575;&#1605;&#1604;&#1575;&#1578; &#1575;&#1604;&#1588;&#1585;&#1593;&#1610;&#1577; &#1593;&#1604;&#1609; &#1605;&#1584;&#1607;&#1576; &#1575;&#1604;&#1575;&#1605;&#1575;&#1605; &#1575;&#1576;&#1610; &#1581;&#1606;&#1610;&#1601;&#1577; &#1575;&#1604;&#1606;&#1593;&#1605;&#1575;&#1606;&#1548; &#1605;&#1604;&#1575;&#1574;&#1605;&#1575;&#1611; &#1604;&#1593;&#1585;&#1601; &#1575;&#1604;&#1583;&#1610;&#1575;&#1585; &#1575;&#1604;&#1605;&#1589;&#1585;&#1610;&#1577; &#1608;&#1587;&#1575;&#1574;&#1585; &#1575;&#1604;&#1571;&#1605;&#1605; &#1575;&#1604;&#1575;&#1587;&#1604;&#1575;&#1605;&#1610;&#1577; &#1548;</subfield><subfield code="c">&#1604;&#1605;&#1572;&#1604;&#1601;&#1607; &#1605;&#1581;&#1605;&#1583; &#1602;&#1583;&#1585;&#1610; &#1576;&#1575;&#1588;&#1575;.</subfield></datafield><datafield ind1=" " ind2=" " tag="880"><subfield code="6">260-03/r</subfield><subfield code="a">&#1605;&#1589;&#1585;&#1548;</subfield><subfield code="b">&#1575;&#1604;&#1605;&#1603;&#1578;&#1576;&#1577; &#1575;&#1604;&#1605;&#1589;&#1585;&#1610;&#1577; &#1575;&#1604;&#1593;&#1588;&#1605;&#1575;&#1608;&#1610;&#1548; 1338 h. [1910 m.]</subfield></datafield><datafield ind1=" " ind2=" " tag="959"><subfield code="a">NNU</subfield><subfield code="b">WEB</subfield><subfield code="c">GENI</subfield><subfield code="t">0</subfield><subfield code="m">Electronic access</subfield><subfield code="s">01</subfield></datafield><datafield ind1=" " ind2=" " tag="999"><subfield code="i">NNC_3068301</subfield><subfield code="o">(OCoLC)47807195</subfield><subfield code="s">columbia_aco000116</subfield></datafield></record>